<?xml version="1.0" encoding="UTF-8"?><record xmlns="http://www.loc.gov/MARC21/slim" xmlns:cinclude="http://apache.org/cocoon/include/1.0" xmlns:zs="http://www.loc.gov/zing/srw/">
  <leader>00681nz  a2200157n  4500</leader>
  <controlfield tag="001">n  95071024 </controlfield>
  <controlfield tag="003">DLC</controlfield>
  <controlfield tag="005">19950719082841.8</controlfield>
  <controlfield tag="008">950719n| acannaab|          |a ana |||  </controlfield>
  <datafield tag="010" ind1=" " ind2=" ">
    <subfield code="a">n  95071024 </subfield>
  </datafield>
  <datafield tag="040" ind1=" " ind2=" ">
    <subfield code="a">DLC</subfield>
    <subfield code="c">DLC</subfield>
  </datafield>
  <datafield tag="110" ind1="1" ind2="0">
    <subfield code="a">Saskatchewan.</subfield>
    <subfield code="b">1992 Regional Colleges Committee of Review</subfield>
  </datafield>
  <datafield tag="410" ind1="1" ind2="0">
    <subfield code="a">Saskatchewan.</subfield>
    <subfield code="b">Saskatchewan Education.</subfield>
    <subfield code="b">1992 Regional Colleges Committee of Review</subfield>
  </datafield>
  <datafield tag="410" ind1="2" ind2="0">
    <subfield code="a">1992 Regional Colleges Committee of Review (Sask.)</subfield>
  </datafield>
  <datafield tag="670" ind1=" " ind2=" ">
    <subfield code="a">Regional colleges, 1993:</subfield>
    <subfield code="b">t.p. (1992 Regional Colleges Committee of Review) p. iii (appointed by Minister of Education in Oct. 1992)</subfield>
  </datafield>
  <datafield tag="670" ind1=" " ind2=" ">
    <subfield code="a">NLC 03-15-95</subfield>
    <subfield code="b">(Saskatchewan. 1992 Regional Colleges Committee of Review)</subfield>
  </datafield>
</record>